<?xml version="1.0" encoding="UTF-8"?><collection xmlns="http://www.loc.gov/MARC21/slim"><record><leader>00354nam--2200133-i-4500</leader><controlfield tag="001">000046566</controlfield><controlfield tag="002">20161230</controlfield><controlfield tag="005">20161230201046</controlfield><controlfield tag="008">060222s1000------------r-----000-0-eng-d</controlfield><datafield ind1=" " ind2=" " tag="080"><subfield code="a">658.3:374</subfield></datafield><datafield ind1=" " ind2=" " tag="100"><subfield code="a">Visan,Radu</subfield></datafield><datafield ind1=" " ind2=" " tag="245"><subfield code="a">Pregatirea si formarea personalului in intreprinderi</subfield></datafield><datafield ind1=" " ind2=" " tag="260"><subfield code="a">Bucuresi, Inst.Nat.De Inf.Si Doc.,1978. 49 P</subfield></datafield><datafield ind1=" " ind2=" " tag="852"><subfield code="a">44730</subfield></datafield></record></collection>